@article{Borsanyi:2012zs,
  author        = "Borsanyi, Szabolcs and Durr, Stephan and Fodor, Zoltan and Hoelbling, Christian and Katz, Sandor D. and Krieg, S. and Kurth, T. and Lellouch, L. and Lippert, T. and McNeile, C. and Szabo, K. K.",
  title         = "{High-precision scale setting in lattice QCD}",
  journal       = "JHEP",
  volume        = "1209",
  pages         = "010",
  doi           = "10.1007/JHEP09(2012)010",
  year          = "2012",
  eprint        = "1203.4469",
  archivePrefix = "arXiv",
}

@article{Deuzeman:2012ee,
  title         = "{The bulk transition of QCD with twelve flavors and the role of improvement}",
  author        = "Deuzeman, Albert and Lombardo, Maria Paola and Nunes da Silva, Tiago and Pallante, Elisabetta",
  year          = "2012",
  eprint        = "1209.5720",
  archivePrefix = "arXiv",
}

@article{Giedt:2012LAT,
  author        = "Giedt, Joel",
  title         = "{Confining force and running coupling with twelve fundamental and two sextet fermions}",
  journal       = "PoS",
  volume        = "Lattice 2012",
  pages         = "006",
  year          = "2012",
  url           = "http://pos.sissa.it/archive/conferences/164/006/Lattice 2012_006.pdf"
}

@article{Hasenfratz:2011np,
  author        = "Hasenfratz, Anna",
  title         = "{MCRG study of 12 fundamental flavors with mixed fundamental-adjoint gauge action}",
  journal       = "PoS",
  volume        = "Lattice 2011",
  pages         = "065",
  year          = "2011",
  eprint        = "1112.6146",
  archivePrefix = "arXiv",
  url           = "http://pos.sissa.it/archive/conferences/139/065/Lattice 2011_065.pdf"
}

@article{Hasenfratz:2012fp,
  author        = "Hasenfratz, Anna and Cheng, Anqi and Petropoulos, Gregory and Schaich, David",
  title         = "{Mass anomalous dimension from Dirac eigenmode scaling in conformal and confining systems}",
  journal       = "PoS",
  volume        = "Lattice 2012",
  pages         = "034",
  year          = "2012",
  eprint        = "1207.7162",
  archivePrefix = "arXiv",
  url           = "http://pos.sissa.it/archive/conferences/164/034/Lattice 2012_034.pdf"
}

@article{Narayanan:2006rf,
  author        = "Narayanan, R. and Neuberger, H.",
  title         = "{Infinite N phase transitions in continuum Wilson loop operators}",
  journal       = "JHEP",
  volume        = "0603",
  pages         = "064",
  doi           = "10.1088/1126-6708/2006/03/064",
  year          = "2006",
  eprint        = "hep-th/0601210",
}

@article{Ryttov:2012nt,
  author        = "Ryttov, Thomas A. and Shrock, Robert",
  title         = "{An Analysis of Scheme Transformations in the Vicinity of an Infrared Fixed Point}",
  journal       = "Phys.Rev.",
  volume        = "D86",
  pages         = "085005",
  doi           = "10.1103/PhysRevD.86.085005",
  year          = "2012",
  eprint        = "1206.6895",
  archivePrefix = "arXiv",
}

@article{Aoki:2013pca,
  author        = "Aoki, Yasumichi and Aoyama, Tatsumi and Kurachi, Masafumi and Maskawa, Toshihide and Nagai, Kei-ichi and Ohki, Hiroshi and Rinaldi, Enrico and Shibata, Akihiro and Yamawaki, Koichi and Yamazaki, Takeshi",
  title         = "{The scalar spectrum of many-flavour QCD}",
  year          = "2013",
  eprint        = "1302.4577",
  archivePrefix = "arXiv",
}

@article{Cheng:2013bca,
  author        = "Cheng, Anqi and Hasenfratz, Anna and Petropoulos, Gregory and Schaich, David",
  title         = "{Determining the mass anomalous dimension through the eigenmodes of Dirac operator}",
  journal       = "PoS",
  volume        = "LATTICE 2013",
  pages         = "088",
  year          = "2013",
  eprint        = "1311.1287",
  archivePrefix = "arXiv",
  url           = "http://pos.sissa.it/archive/conferences/187/088/LATTICE 2013_088.pdf"
}

@article{Hasenfratz:2013eka,
  author        = "Hasenfratz, Anna and Cheng, Anqi and Petropoulos, Gregory and Schaich, David",
  title         = "{Finite size scaling and the effect of the gauge coupling in 12 flavor systems}",
  journal       = "PoS",
  volume        = "LATTICE 2013",
  pages         = "075",
  year          = "2013",
  eprint        = "1310.1124",
  archivePrefix = "arXiv",
  url           = "http://pos.sissa.it/archive/conferences/187/075/LATTICE 2013_075.pdf"
}

  title         = "{MCRG study of 8 and 12 fundamental flavors}",
@article{Petropoulos:2012mg,
  author        = "Petropoulos, Gregory and Cheng, Anqi and Hasenfratz, Anna and Schaich, David",
  journal       = "PoS",
  volume        = "Lattice 2012",
  pages         = "051",
  year          = "2012",
  eprint        = "1212.0053",
  archivePrefix = "arXiv",
  url           = "http://pos.sissa.it/archive/conferences/164/051/Lattice 2012_051.pdf"
}


***********************

@article{Aoki:2012eq,
  author        = "Aoki, Yasumichi and Aoyama, Tatsumi and Kurachi, Masafumi and Maskawa, Toshihide and Nagai, Kei-ichi and Ohki, Hiroshi and Shibata, Akihiro and Yamawaki, Koichi and Yamazaki, Takeshi",
  title         = "{Lattice study of conformality in twelve-flavor QCD}",
  journal       = "Phys. Rev.",
  volume        = "D86",
  pages         = "054506",
  doi           = "10.1103/PhysRevD.86.054506",
  year          = "2012",
  eprint        = "1207.3060",
  archivePrefix = "arXiv",
}

@article{Aoki:2013zsa,
  author        = "Aoki, Yasumichi and Aoyama, Tatsumi and Kurachi, Masafumi and Maskawa, Toshihide and Nagai, Kei-ichi and Ohki, Hiroshi and Rinaldi, Enrico and Shibata, Akihiro and Yamawaki, Koichi and Yamazaki, Takeshi",
  title         = "{Light composite scalar in twelve-flavor QCD on the lattice}",
  journal       = "Phys. Rev. Lett.",
  volume        = "111",
  pages         = "162001",
  doi           = "10.1103/PhysRevLett.111.162001",
  year          = "2013",
  eprint        = "1305.6006",
  archivePrefix = "arXiv",
}

@article{Aoki:2014oha,
  author        = "Aoki, Yasumichi and Aoyama, Tatsumi and Kurachi, Masafumi and Maskawa, Toshihide and Miura, Kohtaroh and Nagai, Kei-ichi and Ohki, Hiroshi and Rinaldi, Enrico and Shibata, Akihiro and Yamawaki, Koichi and Yamazaki, Takeshi",
  title         = "{Light composite scalar in eight-flavor QCD on the lattice}",
  collaboration = "LatKMI Collaboration",
  year          = "2014",
  eprint        = "1403.5000",
  archivePrefix = "arXiv",
}

@article{Appelquist:2007hu,
  author        = "Appelquist, Thomas and Fleming, George T. and Neil, Ethan T.",
  title         = "{Lattice study of the conformal window in QCD-like theories}",
  journal       = "Phys. Rev. Lett.",
  volume        = "100",
  pages         = "171607",
  doi           = "10.1103/PhysRevLett.100.171607",
  year          = "2008",
  eprint        = "0712.0609",
  archivePrefix = "arXiv",
}

@article{Appelquist:2009ty,
  author        = "Appelquist, Thomas and Fleming, George T. and Neil, Ethan T.",
  title         = "{Lattice Study of Conformal Behavior in SU(3) Yang-Mills Theories}",
  journal       = "Phys. Rev.",
  volume        = "D79",
  pages         = "076010",
  doi           = "10.1103/PhysRevD.79.076010",
  year          = "2009",
  eprint        = "0901.3766",
  archivePrefix = "arXiv",
}

@article{Appelquist:2011dp,
  author        = "Appelquist, T. and Fleming, G. T. and Lin, M. F. and Neil, E. T. and Schaich, D.",
  title         = "{Lattice Simulations and Infrared Conformality}",
  journal       = "Phys. Rev.",
  volume        = "D84",
  pages         = "054501",
  doi           = "10.1103/PhysRevD.84.054501",
  year          = "2011",
  eprint        = "1106.2148",
  archivePrefix = "arXiv",
}

@article{Appelquist:2013sia,
  author        = "Appelquist, Thomas and Brower, Richard and Catterall, Simon and Fleming, George and Giedt, Joel and Hasenfratz, Anna and Kuti, Julius and Neil, Ethan and Schaich, David",
  title         = "{Lattice Gauge Theories at the Energy Frontier}",
  year          = "2013",
  eprint        = "1309.1206",
  archivePrefix = "arXiv",
  url           = "http://www.usqcd.org/documents/bsm.pdf"
}

@article{Balog:2009yj,
  author        = "Balog, Janos and Niedermayer, Ferenc and Weisz, Peter",
  title         = "{Logarithmic corrections to O(a**2) lattice artifacts}",
  journal       = "Phys. Lett.",
  volume        = "B676",
  pages         = "188--192",
  doi           = "10.1016/j.physletb.2009.04.082",
  year          = "2009",
  eprint        = "0901.4033",
  archivePrefix = "arXiv",
}

@article{Balog:2009np,
  author        = "Balog, Janos and Niedermayer, Ferenc and Weisz, Peter",
  title         = "{The Puzzle of apparent linear lattice artifacts in the 2d non-linear sigma-model and Symanzik's solution}",
  journal       = "Nucl. Phys.",
  volume        = "B824",
  pages         = "563--615",
  doi           = "10.1016/j.nuclphysb.2009.09.007",
  year          = "2010",
  eprint        = "0905.1730",
  archivePrefix = "arXiv",
}

@article{Banks:1981nn,
  author        = "Banks, Tom and Zaks, A.",
  title         = "{On the Phase Structure of Vector-Like Gauge Theories with Massless Fermions}",
  journal       = "Nucl. Phys.",
  volume        = "B196",
  year          = "1982",
  pages         = "189",
  doi           = "10.1016/0550-3213(82)90035-9",
}

@article{Caswell:1974gg,
  author        = "Caswell, William E.",
  title         = "{Asymptotic Behavior of Nonabelian Gauge Theories to Two Loop Order}",
  journal       = "Phys. Rev. Lett.",
  volume        = "33",
  year          = "1974",
  pages         = "244",
  doi           = "10.1103/PhysRevLett.33.244",
}

@article{Cheng:2011ic,
  author        = "Cheng, Anqi and Hasenfratz, Anna and Schaich, David",
  title         = "{Novel phase in SU(3) lattice gauge theory with 12 light fermions}",
  journal       = "Phys. Rev.",
  volume        = "D85",
  pages         = "094509",
  doi           = "10.1103/PhysRevD.85.094509",
  year          = "2012",
  eprint        = "1111.2317",
  archivePrefix = "arXiv",
}

@article{Cheng:2013eu,
  author        = "Cheng, Anqi and Hasenfratz, Anna and Petropoulos, Gregory and Schaich, David",
  title         = "{Scale-dependent mass anomalous dimension from Dirac eigenmodes}",
  journal       = "JHEP",
  volume        = "1307",
  pages         = "061",
  doi           = "10.1007/JHEP07(2013)061",
  year          = "2013",
  eprint        = "1301.1355",
  archivePrefix = "arXiv",
}

@article{Cheng:2013xha,
  author         = "Cheng, Anqi and Hasenfratz, Anna and Liu, Yuzhi and Petropoulos, Gregory and Schaich, David",
  title          = "{Finite size scaling of conformal theories in the presence of a near-marginal operator}",
  year           = "2013",
  eprint         = "1401.0195",
  archivePrefix  = "arXiv",
}

@article{Cheng:2014,
  author        = "Cheng, Anqi and Hasenfratz, Anna and Liu, Yuzhi and Petropoulos, Gregory and Schaich, David",
  title         = "{Step scaling studies using the gradient flow running coupling}",
  year          = "2014, in preparation",
}

@article{DeGrand:2011cu,
  author        = "DeGrand, Thomas",
  title         = "{Finite-size scaling tests for spectra in SU(3) lattice gauge theory coupled to 12 fundamental flavor fermions}",
  journal       = "Phys. Rev.",
  volume        = "D84",
  pages         = "116901",
  doi           = "10.1103/PhysRevD.84.116901",
  year          = "2011",
  eprint        = "1109.1237",
  archivePrefix = "arXiv",
}

@article{Deuzeman:2009mh,
  author        = "Deuzeman, A. and Lombardo, M. P. and Pallante, E.",
  title         = "{Evidence for a conformal phase in SU(N) gauge theories}",
  journal       = "Phys. Rev.",
  volume        = "D82",
  pages         = "074503",
  doi           = "10.1103/PhysRevD.82.074503",
  year          = "2010",
  eprint        = "0904.4662",
  archivePrefix = "arXiv",
}

@article{Fodor:2011tu,
  author        = "Fodor, Zoltan and Holland, Kieran and Kuti, Julius and Nogradi, Daniel and Schroeder, Chris",
  title         = "{Twelve massless flavors and three colors below the conformal window}",
  journal       = "Phys. Lett.",
  volume        = "B703",
  pages         = "348-358",
  doi           = "10.1016/j.physletb.2011.07.037",
  year          = "2011",
  eprint        = "1104.3124",
  archivePrefix = "arXiv",
}

@article{Fodor:2012td,
  author        = "Fodor, Zoltan and Holland, Kieran and Kuti, Julius and Nogradi, Daniel and Wong, Chik Him",
  title         = "{The Yang-Mills gradient flow in finite volume}",
  journal       = "JHEP",
  volume        = "1211",
  pages         = "007",
  doi           = "10.1007/JHEP11(2012)007",
  year          = "2012",
  eprint        = "1208.1051",
  archivePrefix = "arXiv",
}

@article{Fodor:2012ty,
  author        = "Fodor, Zoltan and Holland, Kieran and Kuti, Julius and Nogradi, Daniel and Schroeder, Chris and Wong, Chik Him",
  title         = "{Can the nearly conformal sextet gauge model hide the Higgs impostor?}",
  journal       = "Phys. Lett.",
  volume        = "B718",
  pages         = "657--666",
  doi           = "10.1016/j.physletb.2012.10.079",
  year          = "2012",
  eprint        = "1209.0391",
  archivePrefix = "arXiv",
}

@article{Fodor:2012qh,
  author        = "Fodor, Zoltan and Holland, Kieran and Kuti, Julius and Nogradi, Daniel and Wong, Chik Him",
  title         = "{The gradient flow running coupling scheme}",
  journal       = "PoS",
  volume        = "Lattice 2012",
  pages         = "050",
  year          = "2012",
  eprint        = "1211.3247",
  archivePrefix = "arXiv",
  url           = "http://pos.sissa.it/archive/conferences/164/050/Lattice 2012_050.pdf"
}

@article{Fodor:2012uw,
  author        = "Fodor, Zoltan and Holland, Kieran and Kuti, Julius and Nogradi, Daniel and Schroeder, Chris and Wong, Chik Him",
  title         = "{Confining force and running coupling with twelve fundamental and two sextet fermions}",
  journal       = "PoS",
  volume        = "Lattice 2012",
  pages         = "025",
  year          = "2012",
  eprint        = "1211.3548",
  archivePrefix = "arXiv",
  url           = "http://pos.sissa.it/archive/conferences/164/025/Lattice 2012_025.pdf"
}

@article{Fodor:2012et,
  author        = "Fodor, Zoltan and Holland, Kieran and Kuti, Julius and Nogradi, Daniel and Schroeder, Chris and Wong, Chik Him",
  title         = "{Conformal finite size scaling of twelve fermion flavors}",
  journal       = "PoS",
  volume        = "Lattice 2012",
  pages         = "279",
  year          = "2012",
  eprint        = "1211.4238",
  archivePrefix = "arXiv",
  url           = "http://pos.sissa.it/archive/conferences/164/279/Lattice 2012_279.pdf"
}

@article{Fodor:2014pqa,
  author        = "Fodor, Zoltan and Holland, Kieran and Kuti, Julius and Nogradi, Daniel and Wong, Chik Him",
  title         = "{Can a light Higgs impostor hide in composite gauge models?}",
  journal       = "PoS",
  volume        = "LATTICE 2013",
  pages         = "062",
  year          = "2014",
  eprint        = "1401.2176",
  archivePrefix = "arXiv",
  url           = "http://pos.sissa.it/archive/conferences/187/062/LATTICE 2013_062.pdf"
}

@article{Fritzsch:2013je,
  author        = "Fritzsch, Patrick and Ramos, Alberto",
  title         = "{The gradient flow coupling in the Schrödinger Functional}",
  journal       = "JHEP",
  volume        = "1310",
  pages         = "008",
  doi           = "10.1007/JHEP10(2013)008",
  year          = "2013",
  eprint        = "1301.4388",
  archivePrefix = "arXiv",
}

@article{Giedt:2012it,
  author        = "Giedt, Joel",
  title         = "{Lattice gauge theory and physics beyond the standard model}",
  journal       = "PoS",
  volume        = "Lattice 2012",
  pages         = "006",
  year          = "2012",
  url           = "http://pos.sissa.it/archive/conferences/164/006/Lattice 2012_006.pdf"
}

@article{Hasenfratz:2001hp,
  author        = "Hasenfratz, Anna and Knechtli, Francesco",
  title         = "{Flavor symmetry and the static potential with hypercubic blocking}",
  journal       = "Phys. Rev.",
  volume        = "D64",
  pages         = "034504",
  doi           = "10.1103/PhysRevD.64.034504",
  year          = "2001",
  eprint        = "hep-lat/0103029",
}

@article{Hasenfratz:2007rf,
  author        = "Hasenfratz, Anna and Hoffmann, Roland and Schaefer, Stefan",
  title         = "{Hypercubic smeared links for dynamical fermions}",
  journal       = "JHEP",
  volume        = "0705",
  pages         = "029",
  doi           = "10.1088/1126-6708/2007/05/029",
  year          = "2007",
  eprint        = "hep-lat/0702028",
}

@article{Hasenfratz:2010fi,
  author        = "Hasenfratz, Anna",
  title         = "{Conformal or Walking? Monte Carlo renormalization group studies of SU(3) gauge models with fundamental fermions}",
  journal       = "Phys. Rev.",
  volume        = "D82",
  pages         = "014506",
  doi           = "10.1103/PhysRevD.82.014506",
  year          = "2010",
  eprint        = "1004.1004",
  archivePrefix = "arXiv",
}

@article{Hasenfratz:2011xn,
  author        = "Hasenfratz, Anna",
  title         = "{Infrared fixed point of the 12-fermion SU(3) gauge model based on 2-lattice MCRG matching}",
  journal       = "Phys. Rev. Lett.",
  volume        = "108",
  pages         = "061601",
  doi           = "10.1103/PhysRevLett.108.061601",
  year          = "2012",
  eprint        = "1106.5293",
  archivePrefix = "arXiv",
}

@article{Hasenfratz:2013uha,
  author        = "Hasenfratz, Anna and Cheng, Anqi and Petropoulos, Gregory and Schaich, David",
  title         = "{Reaching the chiral limit in many flavor systems}",
  year          = "2013",
  eprint        = "1303.7129",
  archivePrefix = "arXiv",
}

@article{Itou:2012qn,
  author        = "Itou, Etsuko",
  title         = "{Properties of the twisted Polyakov loop coupling and the infrared fixed point in the SU(3) gauge theories}",
  journal       = "PTEP",
  volume        = "2013",
  pages         = "083B01",
  doi           = "10.1093/ptep/ptt053",
  year          = "2013",
  eprint        = "1212.1353",
  archivePrefix = "arXiv",
}

@article{Jin:2012dw,
  author        = "Jin, Xiao-Yong and Mawhinney, Robert D.",
  title         = "{Lattice QCD with 12 Degenerate Quark Flavors}",
  journal       = "PoS",
  volume        = "Lattice 2011",
  pages         = "066",
  year          = "2012",
  eprint        = "1203.5855",
  archivePrefix = "arXiv",
}

@article{Lin:2012iw,
  author        = "Lin, C.-J. David and Ogawa, Kenji and Ohki, Hiroshi and Shintani, Eigo",
  title         = "{Lattice study of infrared behaviour in SU(3) gauge theory with twelve massless flavours}",
  journal       = "JHEP",
  volume        = "1208",
  pages         = "096",
  doi           = "10.1007/JHEP08(2012)096",
  year          = "2012",
  eprint        = "1205.6076",
  archivePrefix = "arXiv",
}

@article{Luscher:2009eq,
  author        = "Luscher, Martin",
  title         = "{Trivializing maps, the Wilson flow and the HMC algorithm}",
  journal       = "Commun. Math. Phys.",
  volume        = "293",
  pages         = "899--919",
  doi           = "10.1007/s00220-009-0953-7",
  year          = "2010",
  eprint        = "0907.5491",
  archivePrefix = "arXiv",
}

@article{Luscher:2010iy,
  author        = "Luscher, Martin",
  title         = "{Properties and uses of the Wilson flow in lattice QCD}",
  journal       = "JHEP",
  volume        = "1008",
  pages         = "071",
  doi           = "10.1007/JHEP08(2010)071",
  year          = "2010",
  eprint        = "1006.4518",
  archivePrefix = "arXiv",
}

@article{Matsuzaki:2012xx,
  author        = "Matsuzaki, Shinya and Yamawaki, Koichi",
  title         = "{Holographic techni-dilaton at 125 GeV}",
  journal       = "Phys. Rev.",
  volume        = "D86",
  pages         = "115004",
  doi           = "10.1103/PhysRevD.86.115004",
  year          = "2012",
  eprint        = "1209.2017",
  archivePrefix = "arXiv",
}

@article{Neil:2012cb,
  author        = "Neil, Ethan T.",
  title         = "{Exploring Models for New Physics on the Lattice}",
  journal       = "PoS",
  volume        = "Lattice 2011",
  pages         = "009",
  year          = "2011",
  eprint        = "1205.4706",
  archivePrefix = "arXiv",
}

@article{PerezRubio:2010ke,
  author        = "Perez-Rubio, Paula and Sint, Stefan",
  title         = "{Non-perturbative running of the coupling from four flavour lattice QCD with staggered quarks}",
  journal       = "PoS",
  volume        = "Lattice 2010",
  pages         = "236",
  year          = "2010",
  eprint        = "1011.6580",
  archivePrefix = "arXiv",
  url           = "http://pos.sissa.it/archive/conferences/105/236/Lattice 2010_236.pdf"
}

@article{Petropoulos:2013gaa,
  author        = "Petropoulos, Gregory and Cheng, Anqi and Hasenfratz, Anna and Schaich, David",
  title         = "{Improved Lattice Renormalization Group Techniques}",
  journal       = "PoS",
  volume        = "LATTICE 2013",
  pages         = "079",
  year          = "2013",
  eprint        = "1311.2679",
  archivePrefix = "arXiv",
  url           = "http://pos.sissa.it/archive/conferences/187/079/LATTICE 2013_079.pdf"
}

@article{Schaich:2012fr,
  author        = "Schaich, David and Cheng, Anqi and Hasenfratz, Anna and Petropoulos, Gregory",
  title         = "{Bulk and finite-temperature transitions in SU(3) gauge theories with many light fermions}",
  journal       = "PoS",
  volume        = "Lattice 2012",
  pages         = "028",
  year          = "2012",
  eprint        = "1207.7164",
  archivePrefix = "arXiv",
  url           = "http://pos.sissa.it/archive/conferences/164/028/Lattice 2012_028.pdf"
}

@article{Sommer:2014mea,
  author        = "Sommer, Rainer",
  title         = "{Scale setting in lattice QCD}",
  journal       = "PoS",
  volume        = "LATTICE 2013",
  pages         = "015",
  year          = "2014",
  eprint        = "1401.3270",
  archivePrefix = "arXiv",
  url           = "http://pos.sissa.it/archive/conferences/187/015/LATTICE 2013_015.pdf"
}

@article{Tekin:2010mm,
  author        = "Tekin, Fatih and Sommer, Rainer and Wolff, Ulli",
  title         = "{The Running coupling of QCD with four flavors}",
  collaboration = "ALPHA",
  journal       = "Nucl. Phys.",
  volume        = "B840",
  pages         = "114--128",
  doi           = "10.1016/j.nuclphysb.2010.07.002",
  year          = "2010",
  eprint        = "1006.0672",
  archivePrefix = "arXiv",
}

@article{Appelquist:2009zz,
      author         = "Appelquist, Thomas and Neil, Ethan T.",
      title          = "{Lattice gauge theory beyond the standard model}",
      pages          = "699-729",
      year           = "2009",
      SLACcitation   = "%%CITATION = INSPIRE-1084577;%%",
}

@article{Swendsen:1979,
      author         = "R.H. Swendsen",
      journal        = "Phys. Rev. Lett.",
      volume         = "42",
      pages          = "859",
      year           = "1979",
}

@article{Hasenfratz:2009,
  title = {Investigating the critical properties of beyond-QCD theories using Monte Carlo renormalization group matching},
  author = {Hasenfratz, Anna},
  journal = {Phys. Rev. D},
  volume = {80},
  issue = {3},
  pages = {034505},
  numpages = {14},
  year = {2009},
  month = {Aug},
  publisher = {American Physical Society},
  doi = {10.1103/PhysRevD.80.034505},
  url = {http://link.aps.org/doi/10.1103/PhysRevD.80.034505}
}
